@article{schanz2016shake,
  title={Shake-The-Box: Lagrangian particle tracking at high particle image densities},
  author={Schanz, Daniel and Gesemann, Sebastian and Schr{\"o}der, Andreas},
  journal={Experiments in fluids},
  volume={57},
  pages={1--27},
  year={2016},
  publisher={Springer}
}
@article{engels2006bundle,
  title={Bundle adjustment rules},
  author={Engels, Chris and Stew{\'e}nius, Henrik and Nist{\'e}r, David},
  journal={Photogrammetric computer vision},
  volume={2},
  number={32},
  year={2006}
}


@article{shapiro1978direct,
  title={Direct linear transformation method for three-dimensional cinematography},
  author={Shapiro, Robert},
  journal={Research Quarterly. American Alliance for Health, Physical Education and Recreation},
  volume={49},
  number={2},
  pages={197--205},
  year={1978},
  publisher={Taylor \& Francis}
}

@article{an2018charuco,
  title={Charuco board-based omnidirectional camera calibration method},
  author={An, Gwon Hwan and Lee, Siyeong and Seo, Min-Woo and Yun, Kugjin and Cheong, Won-Sik and Kang, Suk-Ju},
  journal={Electronics},
  volume={7},
  number={12},
  pages={421},
  year={2018},
  publisher={MDPI}
}

@article{wieneke2012iterative,
  title={Iterative reconstruction of volumetric particle distribution},
  author={Wieneke, Bernhard},
  journal={Measurement Science and Technology},
  volume={24},
  number={2},
  pages={024008},
  year={2012},
  publisher={IOP Publishing}
}


@Article{elsinga2006tomographic,
  author    = {Elsinga, Gerrit E and Scarano, Fulvio and Wieneke, Bernhard and van Oudheusden, Bas W},
  title     = {Tomographic particle image velocimetry},
  number    = {6},
  pages     = {933--947},
  volume    = {41},
  journal   = {Exp Fluids},
  publisher = {Springer},
  year      = {2006},
}

@Article{scarano2012tomographic,
  author    = {Scarano, Fulvio},
  title     = {Tomographic PIV: principles and practice},
  number    = {1},
  pages     = {012001},
  volume    = {24},
  journal   = {Meas Sci Tech},
  publisher = {IOP Publishing},
  year      = {2012},
}

@Article{song2003millisecond,
  author    = {Song, Helen and Ismagilov, Rustem F},
  title     = {Millisecond kinetics on a microfluidic chip using nanoliters of reagents},
  number    = {47},
  pages     = {14613--14619},
  volume    = {125},
  journal   = {J Am Chem Soc},
  publisher = {ACS Publications},
  year      = {2003},
}

@Article{liu2004two,
  author    = {Liu, Ying Zheng and Kim, Byoung Jae and Sung, Hyung Jin},
  title     = {Two-fluid mixing in a microchannel},
  number    = {6},
  pages     = {986--995},
  volume    = {25},
  journal   = {Int J Heat Fluid FL},
  publisher = {Elsevier},
  year      = {2004},
}

@Article{singhal2004microscale,
  author  = {Singhal, Vishal and Garimella, Suresh V and Raman, Arvind},
  title   = {Microscale pumping technologies for microchannel cooling systems},
  number  = {3},
  pages   = {191--221},
  volume  = {57},
  journal = {Appl Mech Rev},
  year    = {2004},
}

@Article{hisamoto2001chip,
  author    = {Hisamoto, Hideaki and Horiuchi, Takayuki and Tokeshi, Manabu and Hibara, Akihide and Kitamori, Takehiko},
  title     = {On-chip integration of neutral ionophore-based ion pair extraction reaction},
  number    = {6},
  pages     = {1382--1386},
  volume    = {73},
  journal   = {Anal Chem},
  publisher = {ACS Publications},
  year      = {2001},
}

@Article{kluge2009production,
  author    = {Kluge, Johannes and Fusaro, Francesco and Casas, Nathalie and Mazzotti, Marco and Muhrer, Gerhard},
  title     = {Production of PLGA micro-and nanocomposites by supercritical fluid extraction of emulsions: I. Encapsulation of lysozyme},
  number    = {3},
  pages     = {327--335},
  volume    = {50},
  journal   = {J Supercrit Fluid},
  publisher = {Elsevier},
  year      = {2009},
}

@Article{tsai2007review,
  author    = {Tsai, Nan-Chyuan and Sue, Chung-Yang},
  title     = {Review of MEMS-based drug delivery and dosing systems},
  number    = {2},
  pages     = {555--564},
  volume    = {134},
  journal   = {Sens Actuators Phys},
  publisher = {Elsevier},
  year      = {2007},
}

@Article{nguyen2013design,
  author    = {Nguyen, Nam-Trung and Shaegh, Seyed Ali Mousavi and Kashaninejad, Navid and Phan, Dinh-Tuan},
  title     = {Design, fabrication and characterization of drug delivery systems based on lab-on-a-chip technology},
  number    = {11-12},
  pages     = {1403--1419},
  volume    = {65},
  journal   = {Adv Drug Deliver Rev},
  publisher = {Elsevier},
  year      = {2013},
}

@Article{barnhart1994phase,
  author    = {Barnhart, Donald H and Adrian, Ronald J and Papen, George C},
  title     = {Phase-conjugate holographic system for high-resolution particle-image velocimetry},
  number    = {30},
  pages     = {7159--7170},
  volume    = {33},
  journal   = {Appl optics},
  publisher = {Optical Society of America},
  year      = {1994},
}

@Article{hinsch2002holographic,
  author    = {Hinsch, Klaus D},
  title     = {Holographic particle image velocimetry},
  number    = {7},
  pages     = {R61},
  volume    = {13},
  journal   = {Meas Sci Tech},
  publisher = {IOP Publishing},
  year      = {2002},
}

@Article{sheng2006digital,
  author    = {Sheng, Jian and Malkiel, Edwin and Katz, Joseph},
  title     = {Digital holographic microscope for measuring three-dimensional particle distributions and motions},
  number    = {16},
  pages     = {3893--3901},
  volume    = {45},
  journal   = {Appl optics},
  publisher = {Optical Society of America},
  year      = {2006},
}

@Article{brucker19973d,
  author    = {Br{\"u}cker, Ch},
  title     = {3D scanning PIV applied to an air flow in a motored engine using digital high-speed video},
  number    = {12},
  pages     = {1480},
  volume    = {8},
  journal   = {Meas Sci Tech},
  publisher = {IOP Publishing},
  year      = {1997},
}

@Article{brucker2012single,
  author    = {Br{\"u}cker, Ch and Hess, D and Kitzhofer, J},
  title     = {Single-view volumetric PIV via high-resolution scanning, isotropic voxel restructuring and 3D least-squares matching (3D-LSM)},
  number    = {2},
  pages     = {024001},
  volume    = {24},
  journal   = {Meas Sci Tech},
  publisher = {IOP Publishing},
  year      = {2012},
}

@Article{soria2008towards,
  author    = {Soria, Julio and Atkinson, Callum},
  title     = {Towards 3C-3D digital holographic fluid velocity vector field measurement—tomographic digital holographic PIV (Tomo-HPIV)},
  number    = {7},
  pages     = {074002},
  volume    = {19},
  journal   = {Meas Sci Tech},
  publisher = {IOP Publishing},
  year      = {2008},
}

@Article{kinoshita2007three,
  author    = {Kinoshita, Haruyuki and Kaneda, Shohei and Fujii, Teruo and Oshima, Marie},
  title     = {Three-dimensional measurement and visualization of internal flow of a moving droplet using confocal micro-PIV},
  number    = {3},
  pages     = {338--346},
  volume    = {7},
  journal   = {Lab Chip},
  publisher = {Royal Society of Chemistry},
  year      = {2007},
}

@Article{lima2008vitro,
  author    = {Lima, Rui and Wada, Shigeo and Tanaka, Shuji and Takeda, Motohiro and Ishikawa, Takuji and Tsubota, Ken-ichi and Imai, Yohsuke and Yamaguchi, Takami},
  title     = {In vitro blood flow in a rectangular PDMS microchannel: experimental observations using a confocal micro-PIV system},
  number    = {2},
  pages     = {153--167},
  volume    = {10},
  journal   = {Biomed Microdevices},
  publisher = {Springer},
  year      = {2008},
}

@Article{lindken2006stereoscopic,
  author    = {Lindken, Ralph and Westerweel, Jerry and Wieneke, Bernhard},
  title     = {Stereoscopic micro particle image velocimetry},
  number    = {2},
  pages     = {161--171},
  volume    = {41},
  journal   = {Exp Fluids},
  publisher = {Springer},
  year      = {2006},
}

@Article{bown2006three,
  author    = {Bown, MR and MacInnes, JM and Allen, RWK and Zimmerman, WBJ},
  title     = {Three-dimensional, three-component velocity measurements using stereoscopic micro-PIV and PTV},
  number    = {8},
  pages     = {2175},
  volume    = {17},
  journal   = {Meas Sci Tech},
  publisher = {IOP Publishing},
  year      = {2006},
}

@Article{pereira2007microscale,
  author    = {Pereira, Francisco and Lu, Jian and Castano-Graff, Emilio and Gharib, Morteza},
  title     = {Microscale 3D flow mapping with $\mu$DDPIV},
  number    = {4},
  pages     = {589--599},
  volume    = {42},
  journal   = {Exp Fluids},
  publisher = {Springer},
  year      = {2007},
}

@Article{yoon20063d,
  author    = {Yoon, Sang Youl and Kim, Kyung Chun},
  title     = {3D particle position and 3D velocity field measurement in a microvolume via the defocusing concept},
  number    = {11},
  pages     = {2897},
  volume    = {17},
  journal   = {Meas Sci Tech},
  publisher = {IOP Publishing},
  year      = {2006},
}

@Article{wereley2010recent,
  author    = {Wereley, Steven T and Meinhart, Carl D},
  title     = {Recent advances in micro-particle image velocimetry},
  pages     = {557--576},
  volume    = {42},
  journal   = {Annu Rev Fluid Mech},
  publisher = {Annual Reviews},
  year      = {2010},
}

@Article{gershun1939light,
  author  = {Gershun, Andre{\=\i}},
  title   = {The light field},
  number  = {1-4},
  pages   = {51--151},
  volume  = {18},
  journal = {J Math Phys Camb},
  year    = {1939},
}

@book{adelson1991plenoptic,
  title={The plenoptic function and the elements of early vision},
  author={Adelson, Edward H and Bergen, James R and others},
  volume={2},
  year={1991},
  publisher={Vision and Modeling Group, Media Laboratory, Massachusetts Institute of~…}
}

@inproceedings{levoy1996light,
  title={Light field rendering},
  author={Levoy, Marc and Hanrahan, Pat},
  booktitle={Proceedings of the 23rd annual conference on Computer graphics and interactive techniques},
  pages={31--42},
  year={1996}
}

@inproceedings{ramasubramanian1989generalized,
  title={A generalized optimization of the kd tree for fast nearest-neighbour search},
  author={Ramasubramanian, V and Paliwal, KK},
  booktitle={Fourth IEEE Region 10 International Conference TENCON},
  pages={565--568},
  year={1989},
  organization={IEEE}
}

@incollection{ng2005fourier,
  title={Fourier slice photography},
  author={Ng, Ren},
  booktitle={ACM SIGGRAPH 2005 Papers},
  pages={735--744},
  year={2005}
}

@inproceedings{tao2013depth,
  title={Depth from combining defocus and correspondence using light-field cameras},
  author={Tao, Michael W and Hadap, Sunil and Malik, Jitendra and Ramamoorthi, Ravi},
  booktitle={Proceedings of the IEEE International Conference on Computer Vision},
  pages={673--680},
  year={2013}
}

@article{adelson1992single,
  title={Single lens stereo with a plenoptic camera},
  author={Adelson, Edward H and Wang, John YA},
  journal={IEEE transactions on pattern analysis and machine intelligence},
  volume={14},
  number={2},
  pages={99--106},
  year={1992}
}

@article{kaveti2020light,
  title={A Light Field Front-end for Robust SLAM in Dynamic Environments},
  author={Kaveti, Pushyami and Singh, Hanumant},
  journal={arXiv preprint arXiv:2012.10714},
  year={2020}
}

@Article{belden2010three,
  author    = {Belden, Jesse and Truscott, Tadd T and Axiak, Michael C and Techet, Alexandra H},
  title     = {Three-dimensional synthetic aperture particle image velocimetry},
  number    = {12},
  pages     = {125403},
  volume    = {21},
  journal   = {Meas Sci Tech},
  publisher = {IOP Publishing},
  year      = {2010},
}



@incollection{levoy2006light,
  title={Light field microscopy},
  author={Levoy, Marc and Ng, Ren and Adams, Andrew and Footer, Matthew and Horowitz, Mark},
  booktitle={ACM SIGGRAPH 2006 Papers},
  pages={924--934},
  year={2006}
}

@inproceedings{shi2016dense,
  title={Dense Ray Tracing Based Reconstruction Algorithm for Light Field PIV and Comparative Study with Tomo-PIV},
  author={Shi, SX and Ding, Junfei and New, TH},
  booktitle={18th International Symposium on the Application of Laser and Imaging Techniques to Fluid Mechanics},
  year={2016}
}

@Article{fahringer2015volumetric,
  author    = {Fahringer, Timothy W and Lynch, Kyle P and Thurow, Brian S},
  title     = {Volumetric particle image velocimetry with a single plenoptic camera},
  number    = {11},
  pages     = {115201},
  volume    = {26},
  journal   = {Meas Sci Tech},
  publisher = {IOP Publishing},
  year      = {2015},
}

@Article{Batchelor59,
  author  = {G. K. Batchelor},
  title   = {Small-scale variation of convected quantities like temperature in turbulent fluid. Part 1. General discussion and the case of small conductivity.},
  pages   = {113--133},
  volume  = {5},
  journal = {J Fluid Mech},
  year    = {1971},
}

@Article{shi2016parametric,
  author    = {Shi, Shengxian and Wang, Jianhua and Ding, Junfei and Zhao, Zhou and New, TH},
  title     = {Parametric study on light field volumetric particle image velocimetry},
  pages     = {70--88},
  volume    = {49},
  journal   = {Flow Meas Instrum},
  publisher = {Elsevier},
  year      = {2016},
}

@Article{shi2017light,
  author    = {Shi, Shengxian and Ding, Junfei and New, Tze H and Soria, Julio},
  title     = {Light-field camera-based 3D volumetric particle image velocimetry with dense ray tracing reconstruction technique},
  number    = {7},
  pages     = {1--16},
  volume    = {58},
  journal   = {Exp Fluids},
  publisher = {Springer},
  year      = {2017},
}

@inproceedings{xu20173d,
  title={3D flow measurements of circular air jet at Re= 30,000 using light field particle image velocimetry},
  author={Xu, S and Ding, J and Zhao, Z and Atkinson, C and Soria, J and Shi, S},
  booktitle={The 12th International Symposium on Particle Image Velocimetry. Busan, Korea},
  year={2017}
}

@inproceedings{li2017investigation,
  title={Investigation of 3D flow behaviour inside a 3$\times$ 3 rod bundle using Light Field-PIV and the matched refractive index techniques},
  author={Li, H and Ding, J and Zhao, Z and Qu, W and Xiong, J and Shi, S},
  booktitle={The 12th international symposium on particle image velocimetry. Busan, Korea},
  year={2017}
}

@phdthesis{lynch2011development,
  title={Development of a 3-D fluid velocimetry technique based on light field imaging},
  author={Lynch, Kyle},
  year={2011}
}

@inproceedings{lynch2012three,
  title={Three-dimensional particle image velocimetry using a plenoptic camera},
  author={Lynch, Kyle and Fahringer, Tim and Thurow, Brian},
  booktitle={50th AIAA Aerospace Sciences Meeting including the New Horizons Forum and Aerospace Exposition},
  pages={1056},
  year={2012}
}

@Article{herman1976iterative,
  author    = {Herman, Gabor T and Lent, Arnold},
  title     = {Iterative reconstruction algorithms},
  number    = {4},
  pages     = {273--294},
  volume    = {6},
  journal   = {Comput Biol Med},
  publisher = {Elsevier},
  year      = {1976},
}

@Article{zhu2021pre,
  author    = {Zhu, Xiaoyu and Wu, Zhian and Li, Jian and Zhang, Biao and Xu, Chuanlong},
  title     = {A pre-recognition SART algorithm for the volumetric reconstruction of the light field PIV},
  pages     = {106625},
  volume    = {143},
  journal   = {Opt Laser Eng},
  publisher = {Elsevier},
  year      = {2021},
}

@Article{kahler2012uncertainty,
  author    = {K{\"a}hler, Christian J and Scharnowski, Sven and Cierpka, Christian},
  title     = {On the uncertainty of digital PIV and PTV near walls},
  number    = {6},
  pages     = {1641--1656},
  volume    = {52},
  journal   = {Exp Fluids},
  publisher = {Springer},
  year      = {2012},
}

@Article{truscott2017three,
  author    = {Truscott, Tadd T and Belden, Jesse and Ni, Rui and Pendlebury, Jonathon and McEwen, Bryce},
  title     = {Three-dimensional microscopic light field particle image velocimetry},
  number    = {3},
  pages     = {16},
  volume    = {58},
  journal   = {Exp Fluids},
  publisher = {Springer},
  year      = {2017},
}

@Article{sibarita2005deconvolution,
  author    = {Sibarita, Jean-Baptiste},
  title     = {Deconvolution microscopy},
  pages     = {201--243},
  journal   = {Adv Biochem Eng Biot},
  publisher = {Springer},
  year      = {2005},
}

@book{piller2012microscope,
  title={Microscope photometry},
  author={Piller, Horst},
  year={2012},
  publisher={Springer Science \& Business Media}
}

@inproceedings{horn2007interactive,
  title={Interactive kd tree GPU raytracing},
  author={Horn, Daniel Reiter and Sugerman, Jeremy and Houston, Mike and Hanrahan, Pat},
  booktitle={Proceedings of the 2007 symposium on Interactive 3D graphics and games},
  pages={167--174},
  year={2007}
}

@software{blender,
   title = {Blender - a 3D modelling and rendering package},
   author = {Blender Online Community},
   organization = {Blender Foundation},
   address = {Stichting Blender Foundation, Amsterdam},
   year = {2018},
   url = {http://www.blender.org},
}

@inproceedings{michels2018simulation,
  title={Simulation of plenoptic cameras},
  author={Michels, Tim and Petersen, Arne and Palmieri, Luca and Koch, Reinhard},
  booktitle={2018-3DTV-Conference: The True Vision-Capture, Transmission and Display of 3D Video (3DTV-CON)},
  pages={1--4},
  year={2018},
  organization={IEEE}
}

@article{smith2005modern,
  title={Modern lens design},
  author={Smith, Warren J},
  year={2005},
  publisher={McGraw-Hill}
}

@inproceedings{ester1996density,
  title={A density-based algorithm for discovering clusters in large spatial databases with noise.},
  author={Ester, Martin and Kriegel, Hans-Peter and Sander, J{\"o}rg and Xu, Xiaowei and others},
  booktitle={kdd},
  volume={96},
  number={34},
  pages={226--231},
  year={1996}
}

@book{inoue2013video,
  title={Video microscopy},
  author={Inou{\'e}, Shinya},
  year={2013},
  publisher={Springer Science \& Business Media}
}

@article{zhang2010,
  title={A practicle introduction to light field microscopy},
  author={Zhang, Zhengyun Zhang},
  year={2010},
  publisher={Computer Graphics Laboratory. Electrical Engineering, Stanford University},
  pages={1-15}
}

@article{crocker1996methods,
  title={Methods of digital video microscopy for colloidal studies},
  author={Crocker, John C and Grier, David G},
  journal={Journal of colloid and interface science},
  volume={179},
  number={1},
  pages={298--310},
  year={1996},
  publisher={Elsevier}
}

@article{memmolo2011twin,
  title={Twin-beams digital holography for 3D tracking and quantitative phase-contrast microscopy in microfluidics},
  author={Memmolo, Pasquale and Finizio, Andrea and Paturzo, Melania and Miccio, Lisa and Ferraro, Pietro},
  journal={Opt Express},
  volume={19},
  number={25},
  pages={25833--25842},
  year={2011},
  publisher={Optical Society of America}
}

@article{daloglu2018label,
  title={Label-free 3D computational imaging of spermatozoon locomotion, head spin and flagellum beating over a large volume},
  author={Daloglu, Mustafa Ugur and Luo, Wei and Shabbir, Faizan and Lin, Francis and Kim, Kevin and Lee, Inje and Jiang, Jia-Qi and Cai, Wen-Jun and Ramesh, Vishwajith and Yu, Meng-Yuan and others},
  journal={Light: Science \& Applications},
  volume={7},
  number={1},
  pages={17121--17121},
  year={2018},
  publisher={Nature Publishing Group}
}

@article{ooms2009digital,
  title={Digital holographic microscopy applied to measurement of a flow in a T-shaped micromixer},
  author={Ooms, TA and Lindken, R and Westerweel, J},
  journal={Exp Fluids},
  volume={47},
  number={6},
  pages={941--955},
  year={2009},
  publisher={Springer}
}

@article{memmolo2014holographic,
  title={Holographic tracking of living cells by three-dimensional reconstructed complex wavefronts alignment},
  author={Memmolo, Pasquale and Miccio, Lisa and Finizio, Andrea and Netti, Paolo A and Ferraro, Pietro},
  journal={Opt Lett},
  volume={39},
  number={9},
  pages={2759--2762},
  year={2014},
  publisher={Optical Society of America}
}

@article{memmolo2015recent,
  title={Recent advances in holographic 3D particle tracking},
  author={Memmolo, Pasquale and Miccio, Lisa and Paturzo, Melania and Di Caprio, Giuseppe and Coppola, Giuseppe and Netti, Paolo A and Ferraro, Pietro},
  journal={Adv Opt Photonics},
  volume={7},
  number={4},
  pages={713--755},
  year={2015},
  publisher={Optical Society of America}
}

@article{su2013sperm,
  title={Sperm trajectories form chiral ribbons},
  author={Su, Ting-Wei and Choi, Inkyum and Feng, Jiawen and Huang, Kalvin and McLeod, Euan and Ozcan, Aydogan},
  journal={Sci Rep-UK},
  volume={3},
  number={1},
  pages={1--8},
  year={2013},
  publisher={Nature Publishing Group}
}

@article{miccio2014particle,
  title={Particle tracking by full-field complex wavefront subtraction in digital holography microscopy},
  author={Miccio, L and Memmolo, P and Merola, F and Fusco, S and Embrione, V and Paciello, A and Ventre, M and Netti, PA and Ferraro, P},
  journal={Lab Chip},
  volume={14},
  number={6},
  pages={1129--1134},
  year={2014},
  publisher={The Royal Society of Chemistry}
}
